@book{lam1994,
	title =		"\LaTeX: A Document Preparation System",
	edition =	"Second",
	author =	"Leslie Lamport",
	publisher =	"Addison-Wesley Publishing Company",
	year =		"1994",
	isbn =		"0-201-52983-1",
}

@inproceedings{LastName1996,
	author =	"FirstName LastName and FirstName I. LastName and
			 F.N. {LastName Jr.}",
	title =		"Conference Paper {MUN} Title",
	booktitle =	"Proceedings of the Conference of Sample Conferences",
	month =		"Apr.",
	year =		"1996",
	pages =		"100--110",
	doi =		"put a real doi here, if you want.",
}

@article{someguy2002,
	author =	"First-name Last-name and Some Guy",
	title =		"Journal Article {SWGC} Title",
	journal =	"Journal of Sample Journals",
	volume =	"1",
	number =	"12",
	year =		"2002",
	pages =		"1000--1024",
	publisher =	"Sample Publisher",
}
